@book{chernenko,
	author = {},
	title = {Финансовый анализ : учебник и практикум для бакалавриата и магистратуры / И. Ю. Евстафьева [и др.] ; под общ. ред. И. Ю. Евстафьевой, В. А. Черненко.},
	date = {2019},
	note = {(Серия : Бакалавр и магистр. Академический курс)},
	publisher = {Издательство Юрайт},
	location = {М.},
	pagetotal = {337},
	}
@book{kasyanenko,
	author = {},
	title = {Касьяненко, Т. Г. Экономическая оценка инвестиций : учебник и практикум / Т. Г. Касьяненко, Г. А. Маховикова.},
	date = {2017},
	note = {(Серия : Бакалавр и магистр. Академический курс)},
	publisher = {Издательство Юрайт},
	location = {М.},
	pagetotal = {559},
}
@book{1488,
	title = {Закон РСФСР от 26 июня 1991 г. № 1488-1 <<Об инвестиционной деятельности в РСФСР>> (с изменениями от 19 июня 1995 г., 10 января 2003 г., 30 декабря 2008 г.).},
	}
@book{39-fz,
	title = {Федеральный закон от 25 февраля 1999 г. № 39-ФЗ <<Об инвестиционной деятельности в Российской Федерации, осуществляемой в форме капитальных вложений>> (ред. от 12 декабря 2011 г.).},
	}
@book{160-fz,
	title = {Федеральный закон от 09.07.1999 N 160-ФЗ (ред. от 31.05.2018) "Об иностранных инвестициях в Российской Федерации"},
}
@book{askinaji,
	author = {},
	title = {Аскинадзи, В. М. Инвестиции : учебник для бакалавров / В. М. Аскинадзи, В. Ф. Максимова.},
	date = {2017},
	note = {(Серия : Бакалавр. Академический курс).},
	publisher = {Издательство Юрайт},
	location = {М.},
	pagetotal = {422},
}
@book{leontev,
	author = {},
	title = {Леонтьев, В. Е. Инвестиции : учебник и практикум для академического бакалавриата / В. Е. Леонтьев, В. В. Бочаров, Н. П. Радковская.},
	date = {2017},
	note = {(Серия : Бакалавр. Академический курс).},
	publisher = {Издательство Юрайт},
	location = {М.},
	pagetotal = {455},
	}
@book{borisova,
	author = {},
	title = {Борисова, О. В. Инвестиции в 2 т. Т. 1. Инвестиционный анализ : учебник и практикум для бакалавриата и магистратуры / О. В. Борисова, Н. И. Малых, Л. В. Овешникова.},
	date = {2017},
	note = {(Серия : Бакалавр и магистр. Академический курс).},
	publisher = {Издательство Юрайт},
	location = {М.},
	pagetotal = {218},
}
@book{sergeev,
	author = {},
	title = {Сергеев, И. В. Инвестиции : учебник и практикум для прикладного бакалавриата / И. В. Сергеев, И. И. Веретенникова, В. В. Шеховцов. — 3-е изд., перераб. и доп.},
	date = {2017},
	note = {(Серия : Бакалавр. Прикладной курс).},
	publisher = {Издательство Юрайт},
	location = {М.},
	pagetotal = {314},
}
@book{pogodina,
	author = {},
	title = {Погодина, Т. В. Инвестиционный менеджмент : учебник и практикум для академического бакалавриата / Т. В. Погодина.},
	date = {2017},
	note = {(Серия : Бакалавр. Академический курс).},
	publisher = {Издательство Юрайт},
	location = {М.},
	pagetotal = {311},
}
@book{01,
	author = {},
	title = {Топсахалова, Ф. М.-Г. Инвестиции : монография /	Ф.М.-Г. Топсахалова},
	date = {2010},
	publisher = {Издательство "Академия Естествознания"},
	location = {М},
	pagetotal = {183},
}
@book{02,
	author = {},
	title = {Экономика организации : учебник и практикум для академического бакалавриата / Л. А. Чалдаева [и др.] ; под ред. Л. А. Чалдаевой.},
	date = {2018},
	note = {(Серия : Бакалавр. Академический курс).},
	publisher = {Издательство Юрайт},
	location = {М},
	pagetotal = {339},
}
@book{03,
	author = {},
	title = {Экономика предприятий агропромышленного комплекса : учебник для академического бакалавриата / Р. Г. Ахметов [и др.] ; под общ. ред. Р. Г. Ахметова.},
	date = {2018},
	note = {(Серия : Бакалавр. Академический курс).},
	publisher = {Издательство Юрайт},
	location = {М},
	pagetotal = {431},
}
@book{04,
	author = {},
	title = {Инвестиционный менеджмент : учебник и практикум для академического бакалавриата / Д. В. Кузнецов [и др.] ; под общ. ред. Д. В. Кузнецова.},
	date = {2018},
	note = {(Серия : Бакалавр. Академический курс).},
	publisher = {Издательство Юрайт},
	location = {М},
	pagetotal = {276},
}
@book{05,
	author = {},
	title = {Коршунов, В. В. Экономика организации (предприятия) : учебник и практикум для прикладного бакалавриата / В. В. Коршунов. — 4-е изд., перераб. и доп.},
	date = {2018},
	note = {(Серия : Бакалавр. Прикладной курс).},
	publisher = {Издательство Юрайт},
	location = {М},
	pagetotal = {313},
}
@book{06,
	author = {},
	title = {Воробьева, И. П. Экономика и управление производством : учебное пособие для бакалавриата и магистратуры / И. П. Воробьева, О. С. Селевич.},
	date = {2018},
	note = {(Серия : Университеты России).},
	publisher = {Издательство Юрайт},
	location = {М},
	pagetotal = {191},
}
@book{07,
	author = {},
	title = {Кузнецов, Б. Т. Инвестиционный анализ : учебник и практикум для академического бакалавриата / Б. Т. Кузнецов. — 2-е изд., испр. и доп.},
	date = {2018},
	note = {(Серия : Бакалавр. Академический курс).},
	publisher = {Издательство Юрайт},
	location = {М},
	pagetotal = {361},
}
@book{08,
	author = {},
	title = {Теплова, Т. В. Инвестиции: теория и практика : учебник для бакалавров / Т. В. Теплова. — 2-е изд., перераб. и доп.},
	date = {2016},
	note = {(Серия : Бакалавр. Академический курс).},
	publisher = {Издательство Юрайт},
	location = {М},
	pagetotal = {782},
}
@book{09,
	author = {},
	title = {Управление инвестиционными проектами в условиях риска и неопределенности : учебное пособие для бакалавриата и магистратуры / Л. Г. Матвеева, А. Ю. Никитаева, О. А. Чернова, Е. Ф. Щипанов.},
	date = {2018},
	note = {(Серия : Университеты России).},
	publisher = {Издательство Юрайт},
	location = {М},
	pagetotal = {298},
}
@book{10,
	author = {},
	title = {Гарнов, А. П. Экономика предприятия : учебник для бакалавров / А. П. Гарнов, Е. А. Хлевная, А. В. Мыльник.},
	date = {2017},
	note = {(Серия : Бакалавр. Прикладной курс).},
	publisher = {Издательство Юрайт},
	location = {М},
	pagetotal = {303},
}
